@article{Kreasi2021,
author = {Kreasi, Digital},
title = {{Wireless Network}},
url = {https://www.dk.co.id/v3/pages-74-Wireless-Network.html},
year = {2021}
}

@article{Khayat2012,
author = {Khayat, Zaenal},
title = {{Cara Menghitung Kecepatan Akses Internet}},
url = {https://zaenalkhayat.wordpress.com/2012/10/08/cara-menghitung-kecepatan-akses-internet},
year = {2012}
}

@article{DhaniPro2021,
author = {DhaniPro},
title = {{Perbedaan Frekuensi 2,4 GHz dan 5 GHz}},
url = {https://blog.dhanipro.com/artikel/teknologi/perbedaan-frekuensi-24-ghz-dan-5-ghz-c1eee1},
year = {2021}
}

@article{IlmuKomputer.com2021,
author = {IlmuKomputer.com},
title = {{Penggunaan aplikasi inSSIDer dalam menangkap kekuatan sinyal access point}},
url = {https://ilmukomputer.org/2013/11/19/penggunaan-aplikasi-inssider-dalam-menangkap-kekuatan-sinyal-access-point/},
year = {2021}
}

@article{Metageek2021,
author = {Metageek},
title = {{Download inSSIDer}},
url = {https://www.metageek.com/support/downloads/download-inssider-win.html},
year = {2021}
}
